% Como referenciar livro:
@book{costa2017lattices,
	title={Lattices applied to coding for reliable and secure communications},
	author={Costa, Sueli I R and Oggier, Fr{\'e}d{\'e}rique and Campello, Antonio and Belfiore, Jean-Claude and Viterbo, Emanuele},
	year={2017},
	publisher={Springer}
}

% Como referenciar artigo:
@article{dickson1922arithmetic,
	title={Arithmetic of quaternions},
	author={Dickson, Leonard E},
	journal={Proceedings of the London Mathematical Society},
	volume={2},
	number={1},
	pages={225--232},
	year={1922},
	publisher={Oxford University Press}
}

% Como referenciar proceedings:
@inproceedings{coan2012factorization,
	title={Factorization of {H}urwitz quaternions},
	author={Coan, Boyd and Perng, Cherng-tiao},
	booktitle={Int. Math. Forum},
	volume={7},
	number={41-44},
	pages={2143--2156},
	year={2012}
}

% Como referenciar texto publicado em uma coleção de textos:
@incollection{smertnig2016factorizations,
	title={Factorizations of elements in noncommutative rings: a survey},
	author={Smertnig, Daniel},
	booktitle={Multiplicative Ideal Theory and Factorization Theory},
	pages={353--402},
	year={2016},
	publisher={Springer}
}

% Como referenciar tese de doutorado:
@phdthesis{stern2019advanced,
	title={Advanced equalization and coded-modulation strategies for multiple-input/multiple-output systems},
	author={Stern, Sebastian Patrick},
	year={2019},
	school={Universit{\"a}t Ulm}
}

% Como referenciar texto dissertacao de mestrado:
@masterthesis{juliana2019,
	title={O Problema do Empacotamento de Esferas no Espaço n-Dimensional},
	author={de Souza, Juliana},
	year={2019},
	school={UNICAMP}
}

% Como referenciar Programa Computacional:
@misc{Mathematica,
	author = {Wolfram Research{,} Inc.},
	title = {Mathematica, {V}ersion 13.2},
	url = {https://www.wolfram.com/mathematica},
	note = {Champaign, IL, 2022}
}

% Como referenciar texto não publicado em periódico:
@misc{tantau2004user,
	title={User’s Guide to the Beamer Class, Version 3.01},
	author={Tantau, Till},
	year={2004}
}

% Como referenciar site:
@misc{google,
	title={Google},
	author={Google, Imagens},
	year={2023},
    url = {https://images.google.com/}
}